[gd_scene load_steps=17 format=2]

[ext_resource path="res://Scripts/FistAnimation.gd" type="Script" id=1]
[ext_resource path="res://Music/samples/Realistic_Punch-Mark_DiAngelo-1609462330.wav" type="AudioStream" id=2]
[ext_resource path="res://Animations/grab.tres" type="Animation" id=3]
[ext_resource path="res://Animations/punchFist1.tres" type="Animation" id=4]
[ext_resource path="res://Animations/punchFist2.tres" type="Animation" id=5]
[ext_resource path="res://Sprites/XE/hand front.png" type="Texture" id=6]
[ext_resource path="res://Scripts/PlayerGrabArea.gd" type="Script" id=7]
[ext_resource path="res://Sprites/XE/hand back.png" type="Texture" id=8]
[ext_resource path="res://Scripts/PlayerPunchArea.gd" type="Script" id=9]
[ext_resource path="res://Music/samples/Woosh-Mark_DiAngelo-4778593.wav" type="AudioStream" id=10]
[ext_resource path="res://Music/samples/Batman Punch-SoundBible.com-456755860.wav" type="AudioStream" id=11]

[sub_resource type="Curve2D" id=1]

bake_interval = 5.0
_data = {
"points": PoolVector2Array( 0, 0, 0, 0, -51.9467, -102.142, 0, 0, 0, 0, -21.2233, -100.191, 0, 0, 0, 0, 3.1376, -90.9862, 0, 0, 0, 0, 25.5934, -72.8813, 0, 0, 0, 0, 37.7852, -49.4729 )
}

[sub_resource type="CapsuleShape2D" id=2]

custom_solver_bias = 0.0
radius = 161.311
height = 49.9901

[sub_resource type="Curve2D" id=3]

bake_interval = 5.0
_data = {
"points": PoolVector2Array( 0, 0, 0, 0, -77.1837, -71.2139, 0, 0, 0, 0, -45.4849, -83.4057, 0, 0, 0, 0, -11.3477, -85.3564, 0, 0, 0, 0, 20.8387, -76.0906, 0, 0, 0, 0, 43.7594, -59.0221 )
}

[sub_resource type="CapsuleShape2D" id=4]

custom_solver_bias = 0.0
radius = 156.635
height = 57.6889

[sub_resource type="CapsuleShape2D" id=5]

custom_solver_bias = 0.0
radius = 121.709
height = 0.605743

[node name="PlayerFists" type="Node2D"]

script = ExtResource( 1 )
_sections_unfolded = [ "Transform" ]

[node name="grab" type="AudioStreamPlayer" parent="." index="0"]

stream = ExtResource( 2 )
volume_db = 0.0
autoplay = false
mix_target = 0
bus = "Master"

[node name="FistAnimations" type="AnimationPlayer" parent="." index="1"]

root_node = NodePath("..")
autoplay = ""
playback_process_mode = 1
playback_default_blend_time = 0.0
playback_speed = 1.0
anims/grab = ExtResource( 3 )
anims/punchFist1 = ExtResource( 4 )
anims/punchFist2 = ExtResource( 5 )
blend_times = [  ]

[node name="Fist1" type="Node2D" parent="." index="2"]

position = Vector2( 45, -11.6211 )
_sections_unfolded = [ "Transform" ]
__meta__ = {
"_edit_group_": true
}

[node name="Fist1PunchSprite" type="Sprite" parent="Fist1" index="0"]

position = Vector2( 9.53674e-06, -1.52588e-05 )
scale = Vector2( 0.25, 0.25 )
z_index = 1
texture = ExtResource( 6 )
offset = Vector2( 125, -35 )
_sections_unfolded = [ "Transform", "Visibility" ]

[node name="Fist1GrabPath" type="Path2D" parent="Fist1" index="1"]

position = Vector2( -7.93893, -10.0829 )
curve = SubResource( 1 )
_sections_unfolded = [ "Z Index" ]

[node name="Fist1GrabNode" type="PathFollow2D" parent="Fist1/Fist1GrabPath" index="0"]

visible = false
position = Vector2( 37.7852, -49.473 )
rotation = 0.0634056
offset = 111.932
h_offset = 0.0
v_offset = 0.0
rotate = false
cubic_interp = true
loop = false
lookahead = 4.0
_sections_unfolded = [ "Transform" ]

[node name="Fist1GrabSprite" type="Sprite" parent="Fist1/Fist1GrabPath/Fist1GrabNode" index="0"]

position = Vector2( -5.09612e-06, -11.8614 )
scale = Vector2( 0.5, 0.3 )
z_index = 1
texture = ExtResource( 6 )
offset = Vector2( 135, -35 )
_sections_unfolded = [ "Offset", "Transform", "Z Index" ]

[node name="Fist1GrabArea" type="Area2D" parent="Fist1/Fist1GrabPath/Fist1GrabNode/Fist1GrabSprite" index="0"]

position = Vector2( 88, -80 )
z_index = 1
input_pickable = true
space_override = 1
gravity_vec = Vector2( 0, 1 )
gravity = 98.0
linear_damp = 0.1
angular_damp = 1.0
collision_layer = 0
collision_mask = 36
audio_bus_override = false
audio_bus_name = "Master"
script = ExtResource( 7 )
_sections_unfolded = [ "Collision", "Transform", "Z Index" ]

[node name="Fist1GrabAreaShape" type="CollisionShape2D" parent="Fist1/Fist1GrabPath/Fist1GrabNode/Fist1GrabSprite/Fist1GrabArea" index="0"]

position = Vector2( 84, 48 )
shape = SubResource( 2 )
_sections_unfolded = [ "Transform" ]

[node name="FistCenter" type="Position2D" parent="Fist1/Fist1GrabPath/Fist1GrabNode/Fist1GrabSprite" index="1"]

position = Vector2( 330, 50 )
rotation = 1.5708
scale = Vector2( 4, 4 )
z_index = 1
_sections_unfolded = [ "Transform", "Z Index" ]

[node name="Fist2" type="Node2D" parent="." index="3"]

position = Vector2( -63.371, 0 )
_sections_unfolded = [ "Transform" ]
__meta__ = {
"_edit_group_": true
}

[node name="Fist2PunchSprite" type="Sprite" parent="Fist2" index="0"]

position = Vector2( 4.57764e-05, 2.86102e-06 )
scale = Vector2( 0.25, 0.25 )
z_index = 2
texture = ExtResource( 8 )
offset = Vector2( 125, -35 )
_sections_unfolded = [ "Offset", "Transform", "Visibility", "Z Index" ]

[node name="Fist2GrabPath" type="Path2D" parent="Fist2" index="1"]

position = Vector2( 98.151, -61.4155 )
scale = Vector2( 1, -1 )
z_index = 4
curve = SubResource( 3 )
_sections_unfolded = [ "Transform", "Z Index" ]

[node name="Fist2GrabNode" type="PathFollow2D" parent="Fist2/Fist2GrabPath" index="0"]

visible = false
position = Vector2( 43.7594, -59.0221 )
rotation = -0.367173
scale = Vector2( 1, -1 )
offset = 130.037
h_offset = 0.0
v_offset = 0.0
rotate = false
cubic_interp = true
loop = false
lookahead = 4.0
_sections_unfolded = [ "Transform", "Visibility" ]

[node name="Fist2GrabSprite" type="Sprite" parent="Fist2/Fist2GrabPath/Fist2GrabNode" index="0"]

scale = Vector2( 0.5, 0.3 )
z_index = 2
texture = ExtResource( 8 )
offset = Vector2( 125, -35 )
_sections_unfolded = [ "Offset", "Transform", "Z Index" ]

[node name="Fist2GrabArea" type="Area2D" parent="Fist2/Fist2GrabPath/Fist2GrabNode/Fist2GrabSprite" index="0"]

z_index = 2
input_pickable = true
space_override = 1
gravity_vec = Vector2( 0, 1 )
gravity = 98.0
linear_damp = 0.1
angular_damp = 1.0
collision_layer = 0
collision_mask = 36
audio_bus_override = false
audio_bus_name = "Master"
script = ExtResource( 7 )
_sections_unfolded = [ "Collision", "Z Index" ]

[node name="Fist2GrabAreaShape" type="CollisionShape2D" parent="Fist2/Fist2GrabPath/Fist2GrabNode/Fist2GrabSprite/Fist2GrabArea" index="0"]

position = Vector2( 168, -32 )
shape = SubResource( 4 )
_sections_unfolded = [ "Transform", "Visibility" ]

[node name="FistCenter" type="Position2D" parent="Fist2/Fist2GrabPath/Fist2GrabNode/Fist2GrabSprite" index="1"]

position = Vector2( 300, -175 )
rotation = -1.5708
scale = Vector2( 4, 4 )
z_index = 2
_sections_unfolded = [ "Transform", "Z Index" ]

[node name="PunchArea" type="Area2D" parent="." index="4"]

position = Vector2( 140, -42 )
z_index = 3
input_pickable = true
gravity_vec = Vector2( 0, 1 )
gravity = 98.0
linear_damp = 0.1
angular_damp = 1.0
collision_layer = 0
collision_mask = 36
audio_bus_override = false
audio_bus_name = "Master"
script = ExtResource( 9 )
_sections_unfolded = [ "Collision", "Transform", "Z Index" ]

[node name="punch_miss" type="AudioStreamPlayer" parent="PunchArea" index="0"]

stream = ExtResource( 10 )
volume_db = 0.0
autoplay = false
mix_target = 0
bus = "Master"

[node name="punch_hit" type="AudioStreamPlayer" parent="PunchArea" index="1"]

stream = ExtResource( 11 )
volume_db = 0.0
autoplay = false
mix_target = 0
bus = "Master"

[node name="PunchAreaShape" type="CollisionShape2D" parent="PunchArea" index="2"]

position = Vector2( -5.3826, 3.32353 )
shape = SubResource( 5 )
_sections_unfolded = [ "Transform" ]


