[gd_scene load_steps=7 format=2]

[ext_resource path="res://Scripts/Pause_menu.gd" type="Script" id=1]
[ext_resource path="res://Sprites/Menu/bgg.png" type="Texture" id=2]
[ext_resource path="res://Fonts/pause_font.tres" type="DynamicFont" id=3]
[ext_resource path="res://Sprites/Menu/Menu Icon.png" type="Texture" id=4]

[sub_resource type="Animation" id=1]

resource_name = "quit"
length = 1.0
loop = false
step = 0.1
tracks/0/type = "value"
tracks/0/path = NodePath("Popup/Resume:self_modulate")
tracks/0/interp = 1
tracks/0/loop_wrap = true
tracks/0/imported = false
tracks/0/enabled = true
tracks/0/keys = {
"times": PoolRealArray( 0 ),
"transitions": PoolRealArray( 1 ),
"update": 0,
"values": [ Color( 1, 1, 1, 1 ) ]
}
tracks/1/type = "value"
tracks/1/path = NodePath("Popup/Quit:self_modulate")
tracks/1/interp = 1
tracks/1/loop_wrap = true
tracks/1/imported = false
tracks/1/enabled = true
tracks/1/keys = {
"times": PoolRealArray( 0 ),
"transitions": PoolRealArray( 1 ),
"update": 0,
"values": [ Color( 0.968627, 1, 0.466667, 1 ) ]
}

[sub_resource type="Animation" id=2]

resource_name = "resume"
length = 1.0
loop = false
step = 0.1
tracks/0/type = "value"
tracks/0/path = NodePath("Popup/Resume:self_modulate")
tracks/0/interp = 1
tracks/0/loop_wrap = true
tracks/0/imported = false
tracks/0/enabled = true
tracks/0/keys = {
"times": PoolRealArray( 0 ),
"transitions": PoolRealArray( 1 ),
"update": 0,
"values": [ Color( 0.968627, 1, 0.466667, 1 ) ]
}
tracks/1/type = "value"
tracks/1/path = NodePath("Popup/Quit:self_modulate")
tracks/1/interp = 1
tracks/1/loop_wrap = true
tracks/1/imported = false
tracks/1/enabled = true
tracks/1/keys = {
"times": PoolRealArray( 0 ),
"transitions": PoolRealArray( 1 ),
"update": 0,
"values": [ Color( 1, 1, 1, 1 ) ]
}

[node name="Pause" type="CanvasLayer"]

pause_mode = 2
layer = 5
offset = Vector2( 0, 0 )
rotation = 0.0
scale = Vector2( 1, 1 )
transform = Transform2D( 1, 0, 0, 1, 0, 0 )
script = ExtResource( 1 )
_sections_unfolded = [ "Pause" ]

[node name="AnimationPlayer" type="AnimationPlayer" parent="." index="0"]

root_node = NodePath("..")
autoplay = ""
playback_process_mode = 1
playback_default_blend_time = 0.0
playback_speed = 1.0
anims/quit = SubResource( 1 )
anims/resume = SubResource( 2 )
blend_times = [  ]

[node name="Popup" type="Popup" parent="." index="1"]

visible = false
anchor_left = 0.0
anchor_top = 0.0
anchor_right = 0.0
anchor_bottom = 0.0
margin_right = 40.0
margin_bottom = 40.0
rect_pivot_offset = Vector2( 0, 0 )
rect_clip_content = false
mouse_filter = 0
mouse_default_cursor_shape = 0
size_flags_horizontal = 1
size_flags_vertical = 1
popup_exclusive = false
_sections_unfolded = [ "Pause" ]

[node name="bgg" type="Sprite" parent="Popup" index="0"]

position = Vector2( 508.135, 278.745 )
texture = ExtResource( 2 )

[node name="Resume2" type="Label" parent="Popup" index="1"]

anchor_left = 0.0
anchor_top = 0.0
anchor_right = 0.0
anchor_bottom = 0.0
margin_left = 127.0
margin_top = 275.0
margin_right = 338.0
margin_bottom = 520.0
rect_pivot_offset = Vector2( 0, 0 )
rect_clip_content = false
mouse_filter = 2
mouse_default_cursor_shape = 0
size_flags_horizontal = 1
size_flags_vertical = 4
custom_fonts/font = ExtResource( 3 )
text = "Paused"
align = 1
percent_visible = 1.0
lines_skipped = 0
max_lines_visible = -1
_sections_unfolded = [ "custom_colors", "custom_fonts" ]

[node name="Resume" type="Sprite" parent="Popup" index="2"]

self_modulate = Color( 0.968627, 1, 0.466667, 1 )
position = Vector2( 626.861, 213.211 )
scale = Vector2( 0.720063, 0.737747 )
texture = ExtResource( 4 )
_sections_unfolded = [ "Material", "Visibility" ]

[node name="Resume" type="Label" parent="Popup/Resume" index="0"]

anchor_left = 0.0
anchor_top = 0.0
anchor_right = 0.0
anchor_bottom = 0.0
margin_left = -98.0
margin_top = -32.0
margin_right = 113.0
margin_bottom = 213.0
rect_pivot_offset = Vector2( 0, 0 )
rect_clip_content = false
mouse_filter = 2
mouse_default_cursor_shape = 0
size_flags_horizontal = 1
size_flags_vertical = 4
custom_fonts/font = ExtResource( 3 )
text = "Resume"
align = 1
percent_visible = 1.0
lines_skipped = 0
max_lines_visible = -1
_sections_unfolded = [ "custom_colors", "custom_fonts" ]

[node name="Quit" type="Sprite" parent="Popup" index="3"]

position = Vector2( 632.501, 422.959 )
scale = Vector2( 0.720063, 0.737747 )
texture = ExtResource( 4 )
_sections_unfolded = [ "Material", "Visibility" ]

[node name="Label" type="Label" parent="Popup/Quit" index="0"]

anchor_left = 0.0
anchor_top = 0.0
anchor_right = 0.0
anchor_bottom = 0.0
margin_left = -111.0
margin_top = -21.0
margin_right = 100.0
margin_bottom = 224.0
rect_pivot_offset = Vector2( 0, 0 )
rect_clip_content = false
mouse_filter = 2
mouse_default_cursor_shape = 0
size_flags_horizontal = 1
size_flags_vertical = 4
custom_fonts/font = ExtResource( 3 )
text = "Quit
"
align = 1
percent_visible = 1.0
lines_skipped = 0
max_lines_visible = -1
_sections_unfolded = [ "custom_colors", "custom_fonts" ]


